
@article{Nicholson1935,
	title = {The {Balance} of {Animal} {Populations}.â€”{Part} {I}.},
	volume = {105},
	issn = {0370-2774},
	url = {https://onlinelibrary.wiley.com/doi/10.1111/j.1096-3642.1935.tb01680.x},
	doi = {10.1111/j.1096-3642.1935.tb01680.x},
	language = {en},
	number = {3},
	urldate = {2022-04-26},
	journal = {Proceedings of the Zoological Society of London},
	author = {Nicholson, A. J. and Bailey, V. A.},
	month = sep,
	year = {1935},
	pages = {551--598},
}


@article{Mehta2019,
	title = {A high-bias, low-variance introduction to {Machine} {Learning} for physicists},
	volume = {810},
	issn = {03701573},
	url = {https://linkinghub.elsevier.com/retrieve/pii/S0370157319300766},
	doi = {10.1016/j.physrep.2019.03.001},
	language = {en},
	urldate = {2022-05-12},
	journal = {Physics Reports},
	author = {Mehta, Pankaj and Bukov, Marin and Wang, Ching-Hao and Day, Alexandre G.R. and Richardson, Clint and Fisher, Charles K. and Schwab, David J.},
	month = may,
	year = {2019},
	pages = {1--124},
	file = {Accepted Version:/home/cboettig/Zotero/storage/PUT3X5YW/Mehta et al. - 2019 - A high-bias, low-variance introduction to Machine .pdf:application/pdf},
}


@article{Williams2007,
	title = {Novel climates, no-analog communities, and ecological surprises},
	volume = {5},
	issn = {1540-9295},
	url = {http://doi.wiley.com/10.1890/070037},
	doi = {10.1890/070037},
	language = {en},
	number = {9},
	urldate = {2022-04-26},
	journal = {Frontiers in Ecology and the Environment},
	author = {Williams, John W. and Jackson, Stephen T.},
	month = nov,
	year = {2007},
	pages = {475--482},
	file = {Full Text:/home/cboettig/Zotero/storage/UXDETKRM/Williams and Jackson - 2007 - Novel climates, no-analog communities, and ecologi.pdf:application/pdf},
}


@article{Boettiger2018,
	title = {From noise to knowledge: how randomness generates novel phenomena and reveals information},
	copyright = {All rights reserved},
	issn = {1461023X},
	doi = {10.1111/ele.13085},
	journal = {Ecology Letters},
	author = {Boettiger, Carl},
	year = {2018},
}
